<?xml version="1.0" encoding="UTF-8"?><collection><record><leader>01950ntm a2200361 a 4500</leader><controlfield tag="001">002641732</controlfield><controlfield tag="003">MiAaHDL</controlfield><controlfield tag="005">20190719000000.0</controlfield><controlfield tag="006">m        d        </controlfield><controlfield tag="007">cr bn ---auaua</controlfield><controlfield tag="008">930712q17311732xx            00| | ara d</controlfield><datafield tag="035" ind1=" " ind2=" "><subfield code="a">(MiU)002641732</subfield></datafield><datafield tag="035" ind1=" " ind2=" "><subfield code="a">sdr-miu002641732</subfield></datafield><datafield tag="035" ind1=" " ind2=" "><subfield code="a">(OCoLC)34366786</subfield></datafield><datafield tag="035" ind1=" " ind2=" "><subfield code="a">(RLIN)MIUH93-A202</subfield></datafield><datafield tag="040" ind1=" " ind2=" "><subfield code="a">MiU</subfield><subfield code="c">MiU</subfield><subfield code="e">appm</subfield></datafield><datafield tag="100" ind1="1" ind2=" "><subfield code="6">880-01</subfield><subfield code="a">Ibn al-Jazarī, Muḥammad ibn Muḥammad,</subfield><subfield code="d">1350-1429.</subfield></datafield><datafield tag="245" ind1="1" ind2="0"><subfield code="a">Treatise in verse on the various Koranic readings :</subfield><subfield code="k">manuscript,</subfield><subfield code="f">[1731 or 2].</subfield></datafield><datafield tag="300" ind1=" " ind2=" "><subfield code="a">1</subfield><subfield code="f">v. ([258] p.) ;</subfield><subfield code="c">18 cm</subfield></datafield><datafield tag="500" ind1=" " ind2=" "><subfield code="a">Contains tables.</subfield></datafield><datafield tag="500" ind1=" " ind2=" "><subfield code="a">Illuminated ʻunwāns at beginning of each section (pp. [3, 103, 129, 157, 175, 177]); chapter headings and colophon illuminated; rubricated text in two columns, enclosed within gold borders; marginal notes in hand of copyist.</subfield></datafield><datafield tag="500" ind1=" " ind2=" "><subfield code="a">Date and copyist's name in colophon: katabahu al-faqīr ... Ḥāfiẓ Ṣāliḥ min talāmīdh al-sayyid ʻAbd Allāh wa-qad waqaʻa al-farāgh min tanmīqihi ... li-sanat arbaʻ wa-arbaʻūn wa-miʼah wa-alf....</subfield></datafield><datafield tag="510" ind1="4" ind2=" "><subfield code="a">EI2,</subfield><subfield code="c">v. iii, p. 753</subfield></datafield><datafield tag="520" ind1=" " ind2=" "><subfield code="a">Analysis of the various readings of the Koranic text according to different traditions.</subfield></datafield><datafield tag="538" ind1=" " ind2=" "><subfield code="a">Mode of access: Internet.</subfield></datafield><datafield tag="541" ind1=" " ind2=" "><subfield code="d">1924</subfield><subfield code="3">Manuscript</subfield><subfield code="a">Anonymous</subfield><subfield code="c">Purchase, 1924</subfield><subfield code="h">$50.00</subfield></datafield><datafield tag="545" ind1=" " ind2=" "><subfield code="a">Syrian; prolific author of works on variant readings of the Koran, prophetic tradition (ḥadīth), and jurisprudence (fiqh).</subfield></datafield><datafield tag="561" ind1=" " ind2=" "><subfield code="a">Purchased in Cairo, 1924. Once part of the personal manuscript collection of Sultan Abdülhamid II of Turkey.</subfield></datafield><datafield tag="630" ind1="0" ind2="0"><subfield code="a">Qurʼan</subfield><subfield code="x">Readings</subfield><subfield code="v">Early works to 1800.</subfield></datafield><datafield tag="650" ind1=" " ind2="0"><subfield code="a">Manuscripts, Arabic</subfield><subfield code="z">Michigan</subfield><subfield code="z">Ann Arbor.</subfield></datafield><datafield tag="700" ind1="0" ind2=" "><subfield code="a">Abdülhamid</subfield><subfield code="b">II,</subfield><subfield code="c">Sultan of the Turks,</subfield><subfield code="d">1842-1918,</subfield><subfield code="e">former owner.</subfield></datafield><datafield tag="773" ind1="0" ind2=" "><subfield code="a">Abdul Hamid Collection.</subfield><subfield code="7">unbc</subfield><subfield code="w">(CStRLIN)MIUH92-A187.</subfield></datafield><datafield tag="880" ind1="1" ind2=" "><subfield code="6">100-01/</subfield><subfield code="a">محمد بن محمد بن الجزري.</subfield></datafield><datafield tag="CID" ind1=" " ind2=" "><subfield code="a">002641732</subfield></datafield><datafield tag="DAT" ind1="0" ind2=" "><subfield code="a">20190719102633.0</subfield><subfield code="b">20190719000000.0</subfield></datafield><datafield tag="DAT" ind1="1" ind2=" "><subfield code="a">20190719090653.0</subfield><subfield code="b">2019-07-19T16:10:45Z</subfield></datafield><datafield tag="DAT" ind1="2" ind2=" "><subfield code="a">2015-10-10T18:00:06Z</subfield></datafield><datafield tag="CAT" ind1=" " ind2=" "><subfield code="a">SDR-MIU</subfield><subfield code="d">EX LIBRIS - ALEPH</subfield><subfield code="l">prepare.pl-004-008</subfield></datafield><datafield tag="FMT" ind1=" " ind2=" "><subfield code="a">BK</subfield></datafield><datafield tag="HOL" ind1=" " ind2=" "><subfield code="0">sdr-miu002641732</subfield><subfield code="a">MiU</subfield><subfield code="b">SDR</subfield><subfield code="c">MIU</subfield><subfield code="p">mdp.39015081446109</subfield><subfield code="s">MIU</subfield><subfield code="1">002641732</subfield></datafield><datafield tag="974" ind1=" " ind2=" "><subfield code="b">MIU</subfield><subfield code="c">MIU</subfield><subfield code="d">20190719</subfield><subfield code="s">lit-dlps-dc</subfield><subfield code="u">mdp.39015081446109</subfield><subfield code="y">1732</subfield><subfield code="r">pd</subfield><subfield code="q">bib</subfield><subfield code="t">non-US bib date2 &lt; 1896</subfield></datafield></record></collection>